@article{aurenhammer_power,
    author = "F. Aurenhammer",
    title = "Power diagrams: properties, algorithms, and applications",
    journal = "SIAM Journal on Computing",
    volume = "16",
    number = "1",
    pages = "78-96",
    year = "1987"
}

@article{aurenhammer_discs,
    author = "F. Aurenhammer",
    title = "Improved algorithms for discs and balls using power diagrams",
    journal = "Journal of Algorithms",
    volume = "9",
    number = "2",
    pages = "151-161",
    year = "1988"
}

@article{aurenhammer_survey,
    author = "F. Aurenhammer",
    title = "Voronoi diagrams - A survey of a fundamental geometric data structure",
    journal = "ACM Computing Surveys",
    volume = "23",
    number = "3",
    pages = "345-405",
    year = "1991"
}

@article{brieden_farmland,
    author = "{S. Borgwardt, A. Brieden, and P. Gritzmann}",
    title = "Geometric Clustering for the Consolidation of Farmland and Woodland",
    journal = "Math Intelligencer",
    volume = "36",
    number = "2",
    pages = "37-44",
    year = "2014"
}

@article{brieden_clustering,
    author = "A. Brieden and P. Gritzmann",
    title = "On optimal Weighted Balanced Clusterings: Gravity Bodies and Power Diagrams",
    journal = "SIAM J. Discrete Math",
    volume = "26",
    number = "2",
    pages = "415-434",
    year = "2012"
}

@article{ravi,
  author = {P. Gupta and R. Janardan and M. Smid},
  title = {Algorithms for some intersection searching problems involving circular objects},
  journal = {International Journal of Mathematical Algorithms},
  volume = {1},
  pages = {35-52},
  year = {1999}
}

@article{fortune_sweepline,
  author = {S. Fortune},
  title = {A Sweepline Algorithm for Voronoi Diagrams},
  journal = {Algorithmica},
  volume = {2},
  pages = {153-174},
  year = {1987}
}

@article{imai_power,
    author = "{H. Imai, M. Iri, and K. Murota}",
    title = "Voronoi diagram in the Laguerre geometry and its applications",
    journal = "SIAM J. Comput.",
    volume = "14",
    number = "1",
    pages = "93-105",
    year = "1985"
}

@article{fluids,
    author = "{S. Schofield, R. Garimella, M. Francois, and R. Loub{\`e}re}",
    title = "Material order-independent interface reconstruction using power diagrams",
    journal = "Int. J. Numer. Meth. Fluids",
    volume = "56",
    pages = "643-659",
    year = "2008"
}

@article{rosenberger_additive,
    author = "{H. Rosenberger}",
    title = "Order-$k$ Voronoi diagrams of sites with additive weights in the plane",
    journal = "Algorithmica",
    volume = "6",
    number = "1",
    pages = "490-521",
    year = "1991"
}

@article{ash-bolker,
    author = "{P. Ash and E. Bolker}",
    title = "Generalized Dirichlet tesselations",
    journal = "Geometriae Dedicata",
    volume = "20",
    number = "2",
    pages = "209-243",
    year = "1986"
}

@proceedings{SCG:94,
    booktitle = "SCG '94",
    booksubtitle = "{Proceedings of the tenth annual symposium on computational geometry}",
    publisher = "ACM",
    year = "1994"
}

@inproceedings{inaba_clustering,
    author = "{M. Inaba, N. Katoh, and H. Imai}",
    title = "Applications of weighted Voronoi diagrams and randomization to variance-based k-clustering: (extended abstract)",
    crossref = "SCG:94",
    pages = "332-339"
}

@book{comp_geom,
    author = "{M. de Berg, O. Cheong, M. van Kreveld, M. Overmars}",
    title = "Computational Geometry: Algorithms and Applications",
    publisher = "Springer-Verlag",
    year = "2008"
}

@inbook{lifting,
    crossref = "comp_geom",
    chapter = "11",
    pages = "242-257"
}

@article{cell,
    author = {M. Bock and A.K. Tyaga and J.U. Kreft and W. Alt},
    title = {Generalizedd Voronoi tesselation as a model of two-dimensional cell tissue dynamics},
    journal = {Bulletin of Mathematical Biology},
    volume = {72},
    pages = {1696-1731},
    year = {2010}
}

@incollection{spider,
    author = {P. Ash and E. Bolker and H. Crapo and W. Whiteley},
    title = {Convex polyhedra, Dirichlet tessellations, and spider webs},
    editor = {M. Senechal},
    booktitle = {Shaping Space},
    publisher = {Springer},
    year = {2013},
    pages = {231-251},
    chapter = {18}
}






