@article{aurenhammer_weighted_alg,
    author = "F. Aurenhammer and H. Edelsbrunner" ,
    title = "An optimal algorithm for constructing the weighted Voronoi diagram in the plane",
    journal = "Pattern Recognition",
    volume = "17",
    number = "2",
    pages = "251-257",
    year = "1984"
}

@article{aurenhammer_power,
    author = "F. Aurenhammer",
    title = "Power diagrams: properties, algorithms, and applications",
    journal = "SIAM Journal on Computing",
    volume = "16",
    number = "1",
    pages = "78-96",
    year = "1987"
}

@article{aurenhammer_discs,
    author = "F. Aurenhammer",
    title = "Improved algorithms for discs and balls using power diagrams",
    journal = "Journal of Algorithms",
    volume = "9",
    number = "2",
    pages = "151-161",
    year = "1988"
}

@article{aurenhammer_survey,
    author = "F. Aurenhammer",
    title = "Voronoi diagrams - A survey of a fundamental geometric data structure",
    journal = "ACM Computing Surveys",
    volume = "23",
    number = "3",
    pages = "345-405",
    year = "1991"
}

@article{aurenhammer_additive,
    author = "F. Aurenhammer and H. Imai",
    title = "Geometric relations among Voronoi diagrams",
    journal = "Geom. Dedicata",
    volume = "27",
    pages = "65-75",
    year = "1988"
}

@proceedings{ESA:05,
    editor = "G.S. Brodal and S. Leonardi",
    booktitle = "Algorithms - ESA 2005",
    booksubtitle = "{13th Annual European Symposium, Palma de Mallorca, Spain, October 3-6, 2005. Proceedings}",
    publisher = "Springer Berlin Heidelberg",
    isbn = "978-3-540-29118-3"
}

@inproceedings{boissonnat_additive,
    author = "J. D. Boissonnat and C. Delage",
    title = "Convex hull and Voronoi diagrams of additively weighted points",
    crossref = "ESA:05",
    pages = "367-378"
}

@article{boissonnat_manifold,
    author = "J.D. Boissonnat and A. Ghosh",
    title = "Manifold Reconstruction Using Tangential Delaunay Complexes",
    journal = "Discrete Comput. Geom.",
    volume = "51",
    number = "1",
    pages = "221-267",
    year = "2014"
}

@article{brieden_farmland,
    author = "{S. Borgwardt, A. Brieden, and P. Gritzmann}",
    title = "Geometric Clustering for the Consolidation of Farmland and Woodland",
    journal = "Math Intelligencer",
    volume = "36",
    number = "2",
    pages = "37-44",
    year = "2014"
}

@article{brieden_clustering,
    author = "A. Brieden and P. Gritzmann",
    title = "On optimal Weighted Balanced Clusterings: Gravity Bodies and Power Diagrams",
    journal = "SIAM J. Discrete Math",
    volume = "26",
    number = "2",
    pages = "415-434",
    year = "2012"
}

@article{ravi,
  author = {P. Gupta and R. Janardan and S. Rahul and M. Smid},
  title = {Computational Geometry: Generalized (or Colored) Intersection Searching}
}

@article{edelsbrunner_alpha,
  title = {On the shape of a set of points in the plane},
  author = {H. Edelsbrunner, D.G. Kirkpatrick, and R. Seidel},
  journal = {IEEE Trans. Inform. Theory},
  volume = {IT29},
  number = {4},
  pages = {551-559},
  year = {1983}
}

@article{edelsbrunner_3d,
  title = {Three-dimensional alpha shapes},
  author = {H. Edelsbrunner and E. P. Mucke},
  journal = {ACM Trans. Graphics},
  volume = {13},
  number = {1},
  pages = {43-72},
  year = {1994}
}

@article{fortune_sweepline,
  author = {S. Fortune},
  title = {A Sweepline Algorithm for Voronoi Diagrams},
  journal = {Algorithmica},
  volume = {2},
  pages = {153-174},
  year = {1987}
}

@article{imai_power,
    author = "{H. Imai, M. Iri, and K. Murota}",
    title = "Voronoi diagram in the Laguerre geometry and its applications",
    journal = "SIAM J. Comput.",
    volume = "14",
    number = "1",
    pages = "93-105",
    year = "1985"
}

@article{fluids,
    author = "{S. Schofield, R. Garimella, M. Francois, and R. Loub{\`e}re}",
    title = "Material order-independent interface reconstruction using power diagrams",
    journal = "Int. J. Numer. Meth. Fluids",
    volume = "56",
    pages = "643-659",
    year = "2008"
}

@article{rosenberger_additive,
    author = "{H. Rosenberger}",
    title = "Order-$k$ Voronoi diagrams of sites with additive weights in the plane",
    journal = "Algorithmica",
    volume = "6",
    number = "1",
    pages = "490-521",
    year = "1991"
}

@article{ash-bolker,
    author = "{P. Ash and E. Bolker}",
    title = "Generalized Dirichlet tesselations",
    journal = "Geometriae Dedicata",
    volume = "20",
    number = "2",
    pages = "209-243",
    year = "1986"
}

@proceedings{SCG:94,
    booktitle = "SCG '94",
    booksubtitle = "{Proceedings of the tenth annual symposium on computational geometry}",
    publisher = "ACM",
    year = "1994"
}

@inproceedings{inaba_clustering,
    author = "{M. Inaba, N. Katoh, and H. Imai}",
    title = "Applications of weighted Voronoi diagrams and randomization to variance-based k-clustering: (extended abstract)",
    crossref = "SCG:94",
    pages = "332-339"
}

@book{comp_geom,
    author = "{M. de Berg, O. Cheong, M. van Kreveld, M. Overmars}",
    title = "Computational Geometry: Algorithms and Applications",
    publisher = "Springer-Verlag",
    year = "2008"
}

@inbook{lifting,
    crossref = "comp_geom",
    chapter = "11",
    pages = "242-257"
}
